%!TEX root = Main.tex
%For references

@techreport{tech_report_example,
    asdsdmasøkdkajæ'ÆDKAD'ÆLkd'æLAJDK'lfjlæaskdKÆLKDA'
}

@online{wolframCA,
  url = {http://mathworld.wolfram.com/ElementaryCellularAutomaton.html},
  urldate = 22-02-16,
  title = {Elementary Cellular Automaton},
  publisher = {Wolfram MathWorld}
}


@book{compositionBible,
  title = {Algorithmic Composition - Paradigms of Automated Music Generation},
  publisher = {SpringerWienNewYork},
  author = {Gerhard Nierhaus}
}
