%!TEX root = Main.tex
%For references

@online{msparkMusic,
  url = {http://www.angelfire.com/music5/theory/}
  urldate = 7-3-16,
  title = {Music theory for the Beginner and Advanced Students},
}

@online{wolframCA,
  url = {http://mathworld.wolfram.com/ElementaryCellularAutomaton.html},
  urldate = 22-02-16,
  title = {Elementary Cellular Automaton},
  publisher = {Wolfram MathWorld}
}


@book{compositionBible,
  title = {Algorithmic Composition - Paradigms of Automated Music Generation},
  publisher = {SpringerWienNewYork},
  author = {Gerhard Nierhaus}
}
